@online{sourceCodeMetrics2016,
  author = {A. Charkov and K. Warzocha},
  title  = {{S}ource {C}ode {M}etrics},
  year   = {2016},
  note    = {https://github.com/alcharkov/source-code-metrics, Accessed: 2016-06-01}
}

@article{ma2005mujava,
  title={{M}u{J}ava: an automated class mutation system},
  author={Ma, Y. and Offutt, J. and Kwon, Y.},
  journal={Software Testing, Verification and Reliability},
  volume={15},
  number={2},
  pages={97--133},
  year={2005},
  publisher={Wiley Online Library}
}

@article{reales2013validating,
  title={Validating second-order mutation at system level},
  author={Mateo, R. P. and Macario, P. U. and Aleman, F. and Luis, J.},
  journal={IEEE Transactions on Software Engineering},
  volume={39},
  number={4},
  pages={570--587},
  year={2013},
  publisher={IEEE}
}

@article{polo2009decreasing,
  title={Decreasing the cost of mutation testing with second-order mutants},
  author={Polo, M. and Piattini, M. and Garc{\'\i}a-Rodr{\'\i}guez, I.},
  journal={Software Testing, Verification and Reliability},
  volume={19},
  number={2},
  pages={111--131},
  year={2009},
  publisher={Wiley Online Library}
}